@article{silver2017mastering,
  title={Mastering the game of go without human knowledge},
  author={Silver, David and Schrittwieser, Julian and Simonyan, Karen and Antonoglou, Ioannis and Huang, Aja and Guez, Arthur and Hubert, Thomas and Baker, Lucas and Lai, Matthew and Bolton, Adrian and others},
  journal={nature},
  volume={550},
  number={7676},
  pages={354--359},
  year={2017},
  publisher={Nature Publishing Group UK London}
}

@article{andrychowicz2020learning,
  title={Learning dexterous in-hand manipulation},
  author={Andrychowicz, Marcin and Baker, Bowen and Chociej, Maciek and Jozefowicz, Rafal and McGrew, Bob and Pachocki, Jakub and Petron, Arthur and Plappert, Matthias and Powell, Glenn and Ray, Alex and others},
  journal={The International Journal of Robotics Research},
  volume={39},
  number={1},
  pages={3--20},
  year={2020},
  publisher={SAGE Publications Sage UK: London, England}
}

@article{ouyang2022training,
  title={Training language models to follow instructions with human feedback},
  author={Ouyang, Long and Wu, Jeffrey and Jiang, Xu and Almeida, Diogo and Wainwright, Carroll and Mishkin, Pamela and Zhang, Chong and Agarwal, Sandhini and Slama, Katarina and Ray, Alex and others},
  journal={Advances in neural information processing systems},
  volume={35},
  pages={27730--27744},
  year={2022}
}

@article{amodei2016concrete,
  title={Concrete problems in AI safety},
  author={Amodei, Dario and Olah, Chris and Steinhardt, Jacob and Christiano, Paul and Schulman, John and Man{\'e}, Dan},
  journal={arXiv preprint arXiv:1606.06565},
  year={2016}
}

@book{sutton1998reinforcement,
  title={Reinforcement learning: An introduction},
  author={Sutton, Richard S and Barto, Andrew G and others},
  volume={1},
  number={1},
  year={1998},
  publisher={MIT press Cambridge}
}

@book{altman2021constrained,
  title={Constrained Markov decision processes},
  author={Altman, Eitan},
  year={2021},
  publisher={Routledge}
}

@article{zhao2023state,
  title={State-wise safe reinforcement learning: A survey},
  author={Zhao, Weiye and He, Tairan and Chen, Rui and Wei, Tianhao and Liu, Changliu},
  journal={arXiv preprint arXiv:2302.03122},
  year={2023}
}

@article{kim2024not,
  title={Not only rewards but also constraints: Applications on legged robot locomotion},
  author={Kim, Yunho and Oh, Hyunsik and Lee, Jeonghyun and Choi, Jinhyeok and Ji, Gwanghyeon and Jung, Moonkyu and Youm, Donghoon and Hwangbo, Jemin},
  journal={IEEE Transactions on Robotics},
  volume={40},
  pages={2984--3003},
  year={2024},
  publisher={IEEE}
}

@article{brunke2022safe,
  title={Safe learning in robotics: From learning-based control to safe reinforcement learning},
  author={Brunke, Lukas and Greeff, Melissa and Hall, Adam W and Yuan, Zhaocong and Zhou, Siqi and Panerati, Jacopo and Schoellig, Angela P},
  journal={Annual Review of Control, Robotics, and Autonomous Systems},
  volume={5},
  number={1},
  pages={411--444},
  year={2022},
  publisher={Annual Reviews}
}

@article{ray2019benchmarking,
  title={Benchmarking safe exploration in deep reinforcement learning},
  author={Ray, Alex and Achiam, Joshua and Amodei, Dario},
  journal={arXiv preprint arXiv:1910.01708},
  volume={7},
  number={1},
  pages={2},
  year={2019}
}

@article{schulman2017proximal,
  title={Proximal policy optimization algorithms},
  author={Schulman, John and Wolski, Filip and Dhariwal, Prafulla and Radford, Alec and Klimov, Oleg},
  journal={arXiv preprint arXiv:1707.06347},
  year={2017}
}